<record><leader>00000cas a2200000 a 4500</leader><controlfield tag="001">13377012</controlfield><controlfield tag="008">860402d18531866tnuwr ne      0    0eng  </controlfield><datafield ind1=" " ind2=" " tag="010"><subfield code="a">sn 86071274 </subfield></datafield><datafield ind1=" " ind2=" " tag="040"><subfield code="a">DLC</subfield><subfield code="b">eng</subfield><subfield code="c">DLC</subfield><subfield code="d">NPX</subfield><subfield code="d">KNP</subfield><subfield code="d">TGN</subfield><subfield code="d">OCL</subfield><subfield code="d">TGN</subfield><subfield code="d">CUI</subfield><subfield code="d">OCLCQ</subfield><subfield code="d">OCLCA</subfield><subfield code="d">OCLCF</subfield></datafield><datafield ind1="1" ind2=" " tag="029"><subfield code="a">AU@</subfield><subfield code="b">000020236382</subfield></datafield><datafield ind1=" " ind2=" " tag="042"><subfield code="a">pcc</subfield></datafield><datafield ind1=" " ind2=" " tag="043"><subfield code="a">n-us-tn</subfield></datafield><datafield ind1="0" ind2="0" tag="050"><subfield code="a">Newspaper 9793-X</subfield></datafield><datafield ind1=" " ind2="4" tag="050"><subfield code="a">AN</subfield></datafield><datafield ind1="0" ind2="4" tag="245"><subfield code="a">The Weekly union and American.</subfield></datafield><datafield ind1="1" ind2="3" tag="246"><subfield code="a">Nashville union &amp; American</subfield></datafield><datafield ind1="1" ind2="3" tag="246"><subfield code="a">Weekly union &amp; American</subfield></datafield><datafield ind1="1" ind2="3" tag="246"><subfield code="a">Union and American</subfield></datafield><datafield ind1=" " ind2=" " tag="260"><subfield code="a">Nashville, Tenn. :</subfield><subfield code="b">John L. Marling &amp; Co.</subfield></datafield><datafield ind1=" " ind2=" " tag="300"><subfield code="a">v. :</subfield><subfield code="b">ill. (chiefly advertisements) ;</subfield><subfield code="c">65 cm.</subfield></datafield><datafield ind1=" " ind2=" " tag="310"><subfield code="a">Weekly</subfield></datafield><datafield ind1="1" ind2=" " tag="362"><subfield code="a">Began in 1853; ceased in 1866.</subfield></datafield><datafield ind1=" " ind2=" " tag="500"><subfield code="a">Publishers: John L. Marling &amp; Co., &lt;1854&gt;; G.C. Torbett &amp; Co., 1855-&lt;1857&gt;; E.G. Eastman &amp; Co., &lt;1859&gt;; J.O. Griffith &amp; Co., &lt;1860-1861&gt;; F.C. Dunnington &amp; Co., &lt;1866&gt;.</subfield></datafield><datafield ind1=" " ind2=" " tag="500"><subfield code="a">Editors: John L. Marling, Elbridge G. Eastman, G.C. Torbett, M.C.C. Church, &lt;1854&gt;.</subfield></datafield><datafield ind1=" " ind2=" " tag="515"><subfield code="a">Suspended: Feb. 1862- &lt;Dec.&gt; 1865.</subfield></datafield><datafield ind1=" " ind2=" " tag="580"><subfield code="a">Formed by the union of: Nashville union (Nashville, Tenn. : 1849 : Weekly), and: Nashville American (Nashville, Tenn. : 1848 : Weekly).</subfield></datafield><datafield ind1=" " ind2=" " tag="580"><subfield code="a">Merged with weekly edition of Nashville dispatch: (title unknown), to form: Weekly union and dispatch.</subfield></datafield><datafield ind1=" " ind2=" " tag="588"><subfield code="a">Description based on: Vol. 24, no. 50 (Apr. 27, 1854).</subfield></datafield><datafield ind1=" " ind2="0" tag="651"><subfield code="a">Nashville (Tenn.)</subfield><subfield code="v">Newspapers.</subfield></datafield><datafield ind1=" " ind2="0" tag="651"><subfield code="a">Davidson County (Tenn.)</subfield><subfield code="v">Newspapers.</subfield></datafield><datafield ind1=" " ind2="7" tag="655"><subfield code="a">Newspapers.</subfield><subfield code="2">fast</subfield><subfield code="0">(OCoLC)fst01423814</subfield></datafield><datafield ind1=" " ind2="7" tag="651"><subfield code="a">Tennessee</subfield><subfield code="z">Davidson County.</subfield><subfield code="2">fast</subfield><subfield code="0">(OCoLC)fst01205346</subfield></datafield><datafield ind1=" " ind2="7" tag="651"><subfield code="a">Tennessee</subfield><subfield code="z">Nashville.</subfield><subfield code="2">fast</subfield><subfield code="0">(OCoLC)fst01204195</subfield></datafield><datafield ind1=" " ind2=" " tag="752"><subfield code="a">United States</subfield><subfield code="b">Tennessee</subfield><subfield code="c">Davidson</subfield><subfield code="d">Nashville.</subfield></datafield><datafield ind1="0" ind2=" " tag="775"><subfield code="t">Nashville union and American (Nashville, Tenn. : 1853 : Daily)</subfield><subfield code="w">(DLC)sn 85038518</subfield><subfield code="w">(OCoLC)12696835</subfield></datafield><datafield ind1="0" ind2=" " tag="775"><subfield code="t">Daily union and American</subfield><subfield code="w">(DLC)sn 85038519</subfield><subfield code="w">(OCoLC)12696862</subfield></datafield><datafield ind1="0" ind2=" " tag="775"><subfield code="t">Nashville union and American (Nashville, Tenn. : 1853 : Triweekly)</subfield><subfield code="w">(DLC)sn 85038517</subfield><subfield code="w">(OCoLC)12696563</subfield></datafield><datafield ind1="0" ind2="8" tag="776"><subfield code="i">Online version:</subfield><subfield code="t">Weekly union and American (Online)</subfield><subfield code="w">(OCoLC)658278323</subfield></datafield><datafield ind1="1" ind2="4" tag="780"><subfield code="t">Nashville union (Nashville, Tenn. : 1851 : Weekly)</subfield><subfield code="w">(DLC)sn 86053522</subfield><subfield code="w">(OCoLC)13783342</subfield></datafield><datafield ind1="1" ind2="4" tag="780"><subfield code="t">Nashville American (Nashville, Tenn. : 1848 : Weekly)</subfield><subfield code="w">(DLC)sn 86071144</subfield><subfield code="w">(OCoLC)13190774</subfield></datafield><datafield ind1="1" ind2="0" tag="785"><subfield code="t">Weekly union and dispatch</subfield><subfield code="w">(DLC)sn 96091006</subfield><subfield code="w">(OCoLC)34735073</subfield></datafield><datafield ind1="1" ind2=" " tag="787"><subfield code="t">Nashville dispatch</subfield><subfield code="w">(DLC)sn 86071166</subfield><subfield code="w">(OCoLC)13227152</subfield></datafield></record>